% Collected from Google Scholar
@inproceedings{mirvakili,
  title={Simple and strong: Twisted silver painted nylon artificial muscle actuated by Joule heating},
  author={Mirvakili, Seyed M and Ravandi, Ali Rafie and Hunter, Ian W and Haines, Carter S and Li, Na and Foroughi, Javad and Naficy, Sina and Spinks, Geoffrey M and Baughman, Ray H and Madden, John DW},
  booktitle={SPIE Smart Structures and Materials+ Nondestructive Evaluation and Health Monitoring},
  pages={90560I--90560I},
  year={2014},
  organization={International Society for Optics and Photonics}
}

@article{ashley,
  title={Artificial muscles},
  author={Ashley, Steven},
  journal={Scientific American},
  volume={289},
  number={4},
  pages={52--59},
  year={2003},
  publisher={Nature Publishing Group}
}

@article{fab_coil,
  title={Experimental characterization of thermally-activated artificial muscles based on coiled nylon fishing lines},
  author={Cherubini, Antonello and Moretti, Giacomo and Vertechy, Rocco and Fontana, Marco},
  journal={AIP Advances},
  volume={5},
  number={6},
  pages={067158},
  year={2015},
  publisher={AIP Publishing}
}
